This file was created with JabRef 2.2b2.
Encoding: GBK
%%%%%%%%%%%%%%%%%%%%%%%%%%%%%%%%%%%%%%%%%%%%%%%%%%%%%%%%%%%%%%%%%%%%%%%%%%%%%%%%%%%%%%%%%%%%%%%%%%%%%%%%%%%%%%%%%%%%%%%%%%%%%%%%%%%%%%%%%%%%%%%%%%%%%%%%%%%%%%%%%%%%%%%%%%%%%%%%%
%%%%%%%%%%%%%%%%%%%%%%%%%%%%%%%%%%%%%%%%%%%%%%%%%%%%%%%%%        PAPERS_of_Basic_Theory            %%%%%%%%%%%%%%%%%%%%%%%%%%%%%%%%%%%%%%%%%%%%%%%%%%%%%%%%%%
@ARTICLE{PR136-B864_1964,
  author = {P. Hohenberg and W. Kohn},
  title = {Inhomogeneous electron gas.},
  journal = {Phys. Rev.},
  year = {1964},
  volume = {136},
  number = {},
  pages = {B864},
  month = {},
  note = {},
  otherinfo = {}
}

@ARTICLE{PR140-A1133_1965,
  author = {W. Kohn and L. J. Sham},
  title = {Self-consistent equations including exchange and correlation effect.},
  journal = {Phys. Rev.},
  year = {1965},
  volume = {140},
  number = {},
  pages = {A1133},
  month = {},
  note = {},
  otherinfo = {}
}

@BOOK{Parr-Yang,
  author = {R. G. Parr and W. Yang},
  title = {Density-functional theory of atoms and molecules},
  publisher = {Oxford University press},
  year = {1989},
  address = {New York},
}

%%%%%%%%%% 固体物理 与 DFT %%%%%%%%%%%%
@BOOK{Huang-Han,
  title = {\textit{固体物理学}},
  publisher = {高等教育出版社},
  year = {1988},
  address = {北京},
  author = {黄昆(原著)，韩汝琦(改编)}
}

@BOOK{XIE-LU,
	author = {谢希德，陆栋},
	editor = {},
	title = {固体能带理论},
	publisher = {复旦大学出版社},
	year = {1998},
	address = {上海},
	edition = {},
	volume = {},
	number = {},
	series = {},
	month = {},
	note = {},
	otherinfo = {}
}

@ARTICLE{JPC-SSP12-4409_1979,
	author = {J. Ihm and A. Zunger and M.~L. Cohen},
	title = {Momentum-space formalism for the total energy of solids.},
	journal = {J. Phys. C:~Solid State Phys.},
	year = {1979},
	volume = {12},
	number = {},
	pages = {4409},
	month = {},
	note = {},
	otherinfo = {}
}

@BOOK{Yanshousheng,
  title = {\textit{固体物理基础}},
  publisher = {北京大学出版社},
  year = {1998},
  address = {北京},
  author = {阎守胜}
}

@BOOK{R.Martin,
	author = {Richard M.~Martin},
	editor = {},
	title = {Electronic Structure:~Basic Theory and Practical Methods},
	publisher = {Cambridge University Press},
	year = {2004},
	address = {The Edinburgh Building, Cambridge CB2 8RU, UK},
	edition = {1st},
	volume = {},
	number = {},
	series = {},
	month = {},
	note = {},
	otherinfo = {}
}

@ARTICLE{PR57-1169_1940,
  author = {C. Herring},
  title = {A new method for calculation wave function in crystals.},
  journal = {Phys. Rev.},
  year = {1940},
  volume = {57},
  pages = {1169},
}

@ARTICLE{PR116-287_1959,
  author = {J. C. Phillips and L. Kleinman},
  title = {New method for calculation wave function in crystals and molecules.},
  journal = {Phys. Rev.},
  year = {1959},
  volume = {116},
  pages = {287},
}

@ARTICLE{PRL43-1494_1979,
  author = {D. R. Hamman and M. Schlutter and C. Chiang},
  title = {Non-conserving pseudopotentials.},
  journal = {Phys. Rev. Lett.},
  year = {1979},
  volume = {43},
  pages = {1494},
}

@BOOK{Singh,
  author = {D. J. Singh},
  title = {Plane waves, pseudopotential and the LAPW method},
  publisher = {Kluwer Academic},
  year = {1994},
  address = {Boston, USA},
  pages = {74}
}

@ARTICLE{PRB50-17953_1994,
	author = {P. E. Bl\"ochl},
	title = {Projector augmented-wave method},
	journal = {Phys. Rev. B},
	year = {1994},
	volume = {50},
	number = {24},
	pages = {17953},
	month = {December},
	note = {},
	otherinfo = {}
}

@ARTICLE{PRB59-1758_1999,
	author = {G. Kresse and D. Joubert},
	title = {From ultrasoft pseudopotentials to the projector augmented-wave method},
	journal = {Phys. Rev. B},
	year = {1999},
	volume = {59},
	number = {3},
	pages = {1758},
	month = {January},
	note = {},
	otherinfo = {}
}

@MANUAL{VASP_manual,
	title = {VASP the Guide},
	organization = {Computational Materials Physics, Faculty of Physics, Universit\"at Wien},
	address = {Sensengasse 8/12, A-1090 Wien, Austria},
	author = {G. Kresse and M. Marsman and J. Furthm\"uller},
	edition = {},
	month = {April},
	year = {2016},
	note = {},
	url = {http://cms.mpi.univie.ac.at/VASP/},
	otherinfo = {}
}

@BOOK{Nemoshkalenko-Aleshin,
  author = {V. V. Nemoshkalenko and V. G. Aleshin},
  title = {Theoretical Foundation of X-Ray Emission Spectroscopy},
  publisher = {Naukova Dumka},
  year = {1974},
  address = {Kiev},
  note = {in Russian},
}

@MANUAL{WIEN2K-UG_2001,
	title = {User's Guide of WIEN2K, An Augmented Plane Wave Plus Local Orbitals Program for Calculating Crystal Properties},
  	organization = {Vienna University of Technology, Inst. of Physical and Theoretical Chemistry, Getreidemarkt9/156, A-1060 Vienna/Austria},
  	address = {},
  	author = {P. Blaha and K. Schwarz and G. Madsen and D. Kvasnicka and J. Luitz},
  	month = {November},
  	year = {2001},
	otherinfo = {},
	note = {10}
}

@ARTICLE{PRB12-3060_1975,
  author = {O. K. Andersen},
  title = {Linear method in band theory.},
  journal = {Phys. Rev. B},
  year = {1975},
  volume = {12},
  pages = {3060},
}

@ARTICLE{JMP22-2433_1981,
  author = {M. Weiner},
  title = {Solution of Poisson's equation: beyond Ewald-type method.},
  journal = {J. Math. Phys.},
  year = {1981},
  volume = {22},
  number = {11},
  pages = 2433,
}

@ARTICLE{PRB26-4571_1982,
  author = {M. Weinert and E. Wimmer and A. J. FreemaN},
  title = {Total-Energy all-electron density functional method for bulk solids and surfaces.},
  journal = {Phys. Rev. B},
  year = {1982},
  volume = {26},
  pages = {4571},
}

@ARTICLE{SSC114-15_2000,
  author = {E. Sj\"ostedt and L. Nordstr\"om and D. J. Singh},
  title = {An alternative way of linearizing the augmented plane-wave method.},
  journal = {Solid State Commun.},
  year = {2000},
  volume = {114},
  pages = {15},
}

@ARTICLE{PR94-1111_1954,
  author = {W. Kohn and N. Rostoker},
  title = {Solution of the Schr\"odinger equation in periodic lattices with an application to metallic Lithium.},
  journal = {Phys. Rev.},
  year = {1954},
  volume = {94},
  pages = {1111},
}

@BOOK{Nemoshkalenko-Antonov,
  author = {V. V. Nemoshkalenko and V. N Antonov},
  title = {Computational Methods in Solid State Physics},
  publisher = {Gorodon and Breach Science},
  year = {1998},
  address = {Amsterdam, The Netherlands},
  pages = {91}
}

@BOOK{Andersen,
  author = {O. K. Andersen},
  editor = {P. Marcus and J. Janak and A. Williams},
  title = {Commnents on the KKR Wavefunctions, Extension of Spherical Wave Expansion Beyond the Muffin Tins},
  publisher = {Plenum},
  year = {1971},
  address = {New York},
  series = {Computational Methods in Band Theory.},
  pages = {32},
}

@BOOK{Skriver,
  author = {H. L. Skriver},
  title = {The LMTO Method. Muffin-Tin Orbitals and Electronic Structure},
  publisher = {Springer},
  address = {Heidelberg},
  year = {1984},
}

@ARTICLE{Crelle30-51_1864,
	author = {C.~G. Jacobi},
	title = {\"Uber ein leichtes Verfahren die in der Theorie der S\"acul\"arst\"orrungen vorkommenden Gleichungen numerisch aufzul\"osen.},
	journal = {Crelle's J.},
	year = {1846},
	volume = {30},
	number = {},
	pages = {51-94},
	month = {},
	note = {},
	otherinfo = {}
}

@ARTICLE{CMS6-15_1996,
	author = {G. Kresse and J. Furthm{\"u}ller},
	title = {Efficiency of \textit{ab-initio} tottal energy calculations for metals and semiconductors using a plane-wave basis set.},
	journal = {Comp. Mater. Sci.},
	year = {1996},
	volume = {6},
	number = {},
	pages = {15},
	month = {},
	note = {},
	otherinfo = {}
}

@ARTICLE{PRB54-11169_1996,
	author = {G. Kresse and J. Furthm{\"u}ller},
	title = {Efficient iterative schemes for \textit{ab initio} total-energy calculations using a plane-wave basis set.},
	journal = {Phys. Rev. B},
	year = {1996},
	volume = {54},
	number = {16},
	pages = {11169},
	month = {October},
	note = {},
	otherinfo = {}
}

@ARTICLE{PRB7-5212_1973,
  author = {A. Baldereschi},
  title = {},
  journal = {Phys. Rev. B},
  year = {1973},
  volume = {7},
  number = {},
  pages = {5212},
  month = {},
  note = {},
  otherinfo = {}
}

@ARTICLE{PRB5-1276_1972,
  author = {J. F. Cooke and R. F. Wood},
  title = {Comparison of Brillouin-zone integration method: combined linear and quadratic interpolation.},
  journal = {Phys. Rev. B},
  year = {1972},
  volume = {5},
  pages = {1276},
}

@ARTICLE{PRB13-5188_1976,
  author = {H. J. Monkhorst and J. D. Pack},
  title = {Special points for Brillouin-zone integrations.},
  journal = {Phys. Rev. B},
  year = {1976},
  volume = {13},
  number = {12},
  pages = {5188},
  month = {June},
  note = {},
  otherinfo = {}
}

@ARTICLE{PRB16-1748_1977,
  author = {J. D. Pack and H. J. Monkhorst},
  title = {"Special points for Brillouin-zone integrations"--a reply.},
  journal = {Phys. Rev. B},
  year = {1977},
  volume = {16},
  pages = {1748},
  month = {August},
  note = {},
  otherinfo = {}
}

@ARTICLE{P13-392_1947,
  author = {J. K\"orringa},
  title = {On the calculation of Bloch wave in a metal.},
  journal = {Physica.},
  year = {1947},
  volume = {13},
  pages = {392},
}

@ARTICLE{JP-CM14-2799_2002,
	author = {N. Papanikolaou and R. Zeller and P.~H. Dederichs},
	title = {Conceptual improvements of the KKR method.},
	journal = {J. Phys.: Condens. Matter.},
	year = {2002},
	volume = {14},
	number = {},
	pages = {2799},
	month = {},
	note = {},
	otherinfo = {}
}

@ARTICLE{PRB44-943_1991,
  author = {P. W. Anisimov and J. Zaanen and O. K. Andersen},
  title = {Band theory and Mott insulartor: Hubbard U instead of Stoner I.},
  journal = {Phys. Rev. B},
  year = {1991},
  volume = {44},
  pages = {943},
}

@ARTICLE{PRB48-16929_1993,
  author = {V. I. Anisimov and I. V. Solovyev and M. A. Korotin and M. T. Czyzyk and G. A. Sawasky},
  title = {Density-functional theory and NiO photoemission spectra.},
  journal = {Phys. Rev. B},
  year = {1993},
  volume = {48},
  number = {23},
  pages = {16929},
  month = {December},
}

@ARTICLE{PRB43-7570_1991,
  author = {V. I. Anisimov and O. Gunnarsson},
  title = {Density-functional calculation of effective Coulomb interaction in metals.},
  journal = {Phys. Rev. B},
  year = {1991},
  volume = {43},
  pages = {7570},
}

@BOOK{Born-Huang,
  author = {M. Born and K. Huang},
  title = {Dynamical Theory of Crystal Lattice},
  publisher = {Oxford University Press},
  year = {1954},
}

@BOOK{Dai_Qian,
	author = {戴道生，钱昆明},
	editor = {},
	title = {{\textit 铁磁学}{\rm(上册)}},
	publisher = {科学出版社},
	year = {1998},
	address = {北京},
	edition = {},
	volume = {},
	number = {},
	series = {凝聚态物理学丛书},
	month = {},
	note = {},
	otherinfo = {}
}

@ARTICLE{JPC-SSP13-2675_1980,
	author = {A.~H. MacDonald and W.~E. Pickett and D.~D. Koelling},
	title = {A linearised relativistic augmented-plane-wave method utilising approximate pure spin basis functions.},
	journal = {J. Phys. C:~Solid State Phys.},
	year = {1980},
	volume = {13},
	number = {},
	pages = {2675},
	month = {},
	note = {},
	otherinfo = {}
}

@ARTICLE{PRB62-11556_2000,
	author = {D. Hobbs and G. Kresse and J. Hafner},
	title = {Fully unconstrained noncollinear magnetism within the projector augmented-wave method.},
	journal = {Phys. Rev. B},
	year = {2000},
	volume = {62},
	number = {},
	pages = {11556},
	month = {},
	note = {},
	otherinfo = {}
}

@ARTICLE{PRB41-7892_1990,
	author = {D.Vanderbilt},
	title = {Soft self-consistent pseudopotentials in a generalized eigenvalue formalism},
	journal = {Phys. Rev. B},
	year = {1990},
	volume = {41},
	number = {11},
	pages = {7892},
	month = {April},
	note = {},
	otherinfo = {}
}

@ARTICLE{JPCM6-8245_1994,
	author = {G. Kresse and J. Hafner},
	title = {Norm-conserving and ultrasoft pseudopotentials for first-row and transition elements.},
	journal = {J. Phys.: Condens. Matter},
	year = {1994},
	volume = {6},
	number = {},
	pages = {8245},
	month = {},
	note = {},
	otherinfo = {}
}

@ARTICLE{JAP63-3482_1988,
	author = {J. K\"ubler and K.-H. H\"ock and H. Sticht and A. R. Williams},
	title = {Local spin‐density functional theory of noncollinear magnetism (invited).},
	journal = {J. Appl. Phys.},
	year = {1988},
	volume = {63},
	number = {8},
	pages = {3482},
	month = {April},
	note = {},
	otherinfo = {}
}

@ARTICLE{PRB49-16223_1994,
  author = {P. E. Bl\"ochl and O. Jepsen and O. K. Andersen},
  title = {Improved tetrahedron method for Brillouin-zone integration.},
  journal = {Phys. Rev. B},
  year = {1994},
  volume = {49},
  number = {23},
  pages = {16223},
  month = {June},
  note = {},
  otherinfo = {}
}
%% ----------------- $\vec k$-point Integration method ----------------- %%
