This file was created with JabRef 2.2b2.
Encoding: GBK
%%%%%%%%%%%%%%%%%%%%%%%%%%%%%%%%%%%%%%%%%%%%%%%%%%%%%%%%%%%%%%%%%%%%%%%%%%%%%%%%%%%%%%%%%%%%%%%%%%%%%%%%%%%%%%%%%%%%%%%%%%%%%%%%%%%%%%%%%%%%%%%%%%%%%%%%%%%%%%%%%%%%%%%%%%%%%%%%%
%%%%%%%%%%%%%%%%%%%%%%%%%%%%%%%%%%%%%%%%%%%%%%%%%%%%%%%%%        PAPERS_of_Basic_Theory            %%%%%%%%%%%%%%%%%%%%%%%%%%%%%%%%%%%%%%%%%%%%%%%%%%%%%%%%%%
@BOOK{Dai_Qian,
	author = {戴道生，钱昆明},
	editor = {},
	title = {{\textit 铁磁学}{\rm(上册)}},
	publisher = {科学出版社},
	year = {1998},
	address = {北京},
	edition = {},
	volume = {},
	number = {},
	series = {凝聚态物理学丛书},
	month = {},
	note = {},
	otherinfo = {}
}

@BOOK{Many-Body_Theory,
	author = {John C. Inkson},
	editor = {},
	title = {Many-Body Theory of Solids},
	publisher = {Plenum Press},
	year = {1984},
	address = {New York},
	edition = {},
	volume = {},
	number = {},
	series = {},
	month = {},
	note = {},
	otherinfo = {}
}

@BOOK{Xu-Li-I-II,
  author = {徐光宪，黎乐民，王德民},
  title = {{\textit 量子化学——基本原理和从头计算法}{\rm(上、中)}},
  publisher = {科学出版社},
  year = {2001},
  address = {北京},
  edition = {1st},
}

@ARTICLE{JPC-SSP12-4409_1979,
	author = {J. Ihm and A. Zunger and M.~L. Cohen},
	title = {Momentum-space formalism for the total energy of solids},
	journal = {J. Phys. C:~Solid State Phys.},
	year = {1979},
	volume = {12},
	number = {},
	pages = {4409},
	month = {},
	note = {},
	otherinfo = {}
}

@BOOK{Skriver,
  author = {H. L. Skriver},
  title = {The LMTO Method. Muffin-Tin Orbitals and Electronic Structure},
  publisher = {Springer},
  address = {Heidelberg},
  year = {1984},
}

@MANUAL{WIEN2K-UG_2001,
	title = {User's Guide of WIEN2K, An Augmented Plane Wave Plus Local Orbitals Program for Calculating Crystal Properties},
  	organization = {Vienna University of Technology, Inst. of Physical and Theoretical Chemistry, Getreidemarkt9/156, A-1060 Vienna/Austria},
  	address = {},
  	author = {P. Blaha and K. Schwarz and G. Madsen and D. Kvasnicka and J. Luitz},
  	month = {November},
  	year = {2001},
	note = {}
	otherinfo = {}
}

@MANUAL{VASP_manual,
	title = {VASP the Guide},
	organization = {Computational Materials Physics, Faculty of Physics, Universit\"at Wien},
	address = {Sensengasse 8/12, A-1090 Wien, Austria},
	author = {G. Kresse and M. Marsman and J. Furthm\"uller},
	edition = {},
	month = {April},
	year = {2016},
	note = {},
	otherinfo = {}
	url = {http://cms.mpi.univie.ac.at/VASP/}
}

@ARTICLE{PCCP8-3172_2006,
	author = {Y.~Shao and L.~F. Molnar and Y. Jung and J. Kussmann and C. Ochsenfeld and S.~T. Brown and A.~T.~B. Gilbert and L.~V. Slipchenko and S.~V. Levchenko and D.~P. O'Neill and R.~A. DiStasio and R.~C. Lochan and T. Wang and G.~J.~O. Beran and N.~A. Besley and J.~M. Herbert and C.-Y. Lin and T. Van Voorhis and S.~H. Chien and A. Sodt and R.~P. Steele and V.~A. Rassolov and P.~E. Maslen and P.~P. Korambath and R.~D. Adamson and B. Austin and J. Baker and E.~F.~C. Byrd and H. Dachsel and R.~J. Doerksen and A, Dreuw and B.~D. Dunietzand A.~D. Dutoi and T.~R. Furlani and S.~R. Gwaltney and A. Heyden and S. Hirata and C.~P. Hsu and G. Kedziora and R.~Z. Khalliulin and P. Klunzinger and A.~M. Lee and M.~S. Lee and W. Liang and I. Lotan and N. Nair and B. Peters and E.~I. Proynov and P.~A. Pieniazek and Y.~M. Rhee and J. Ritchie and E. Rosta and C.~D. Sherrill and A.~C. Simmonett and J.~E. Subotnik and H.~L. Woodcock and W. Zhang and A.~T. Bell and A.~K. Chakraborty and D.~M. Chipman and F.~J. Keil and A. Warshel and W.~J. Hehre and H.~F. Schaefer and J. Kong and A.~I. Krylov and P.~M.~W. Gill and M. Head-Gordon},
	title = {Advances in methods and algorithms in a modern quantum chemistry program package},
	journal = {Phys. Chem. Chem. Phys.},
	year = {2006},
	volume = {8},
	number = {},
	pages = {3172},
	month = {},
	note = {},
	otherinfo = {}
}
