This file was created with JabRef 2.2b2.
Encoding: GBK
%%%%%%%%%%%%%%%%%%%%%%%%%%%%%%%%%%%%%%%%%%%%%%%%%%%%%%%%%%%%%%%%%%%%%%%%%%%%%%%%%%%%%%%%%%%%%%%%%%%%%%%%%%%%%%%%%%%%%%%%%%%%%%%%%%%%%%%%%%%%%%%%%%%%%%%%%%%%%%%%%%%%%%%%%%%%%%%%%
%%%%%%%%%%%%%%%%%%%%%%%%%%%%%%%%%%%%%%%%%%%%%%%%%%%%%%%%%        PAPERS_of_Basic_Theory            %%%%%%%%%%%%%%%%%%%%%%%%%%%%%%%%%%%%%%%%%%%%%%%%%%%%%%%%%%
@BOOK{Xu_Li_Wang,
  author = {徐光宪，黎乐民，王德民},
  title = {{\textit 量子化学——基本原理和从头计算法}{\rm(上、中)}},
  publisher = {科学出版社},
  year = {2009},
  address = {北京},
  edition = {2st},
}

@ARTICLE{PR136-B864_1964,
  author = {P. Hohenberg and W. Kohn},
  title = {Inhomogeneous electron gas.},
  journal = {Phys. Rev.},
  year = {1964},
  volume = {136},
  number = {},
  pages = {B864},
  month = {},
  note = {},
  otherinfo = {}
}

@ARTICLE{PR140-A1133_1965,
  author = {W. Kohn and L. J. Sham},
  title = {Self-consistent equations including exchange and correlation effect.},
  journal = {Phys. Rev.},
  year = {1965},
  volume = {140},
  number = {},
  pages = {A1133},
  month = {},
  note = {},
  otherinfo = {}
}

@ARTICLE{PRL49-1691_1982,
  author = {J. P. Perdew and R. G. Parr and M. Levy and J. L. Balcluz},
  title = {Density-functional theory for fractional particle number: derivative discontinuities of the energy.},
  journal = {Phys. Rev. Lett.},
  year = {1982},
  volume = {49},
  pages = {1691},
}

@BOOK{Parr-Yang,
  author = {R. G. Parr and W. Yang},
  title = {Density-functional theory of atoms and molecules},
  publisher = {Oxford University press},
  year = {1989},
  address = {New York},
}

%%%%%%%%%% 固体物理 与 DFT %%%%%%%%%%%%
@BOOK{Huang-Han,
  title = {\textit{固体物理学}},
  publisher = {高等教育出版社},
  year = {1988},
  address = {北京},
  author = {黄昆(原著)，韩汝琦(改编)}
}

@BOOK{XIE-LU,
	author = {谢希德，陆栋},
	editor = {},
	title = {固体能带理论},
	publisher = {复旦大学出版社},
	year = {1998},
	address = {上海},
	edition = {},
	volume = {},
	number = {},
	series = {},
	month = {},
	note = {},
	otherinfo = {}
}

@ARTICLE{JPC-SSP12-4409_1979,
	author = {J. Ihm and A. Zunger and M.~L. Cohen},
	title = {Momentum-space formalism for the total energy of solids.},
	journal = {J. Phys. C:~Solid State Phys.},
	year = {1979},
	volume = {12},
	number = {},
	pages = {4409},
	month = {},
	note = {},
	otherinfo = {}
}

@BOOK{Yanshousheng,
  title = {\textit{固体物理基础}},
  publisher = {北京大学出版社},
  year = {1998},
  address = {北京},
  author = {阎守胜}
}

@BOOK{R.Martin,
	author = {Richard M.~Martin},
	editor = {},
	title = {Electronic Structure:~Basic Theory and Practical Methods},
	publisher = {Cambridge University Press},
	year = {2004},
	address = {The Edinburgh Building, Cambridge CB2 8RU, UK},
	edition = {1st},
	volume = {},
	number = {},
	series = {},
	month = {},
	note = {},
	otherinfo = {}
}

@ARTICLE{PR57-1169_1940,
  author = {C. Herring},
  title = {A new method for calculation wave function in crystals.},
  journal = {Phys. Rev.},
  year = {1940},
  volume = {57},
  pages = {1169},
}

@ARTICLE{PR116-287_1959,
  author = {J. C. Phillips and L. Kleinman},
  title = {New method for calculation wave function in crystals and molecules.},
  journal = {Phys. Rev.},
  year = {1959},
  volume = {116},
  pages = {287},
}

@ARTICLE{PRL43-1494_1979,
  author = {D. R. Hamman and M. Schlutter and C. Chiang},
  title = {Non-conserving pseudopotentials.},
  journal = {Phys. Rev. Lett.},
  year = {1979},
  volume = {43},
  pages = {1494},
}

@ARTICLE{PRB41-7892_1990,
	author = {D.Vanderbilt},
	title = {Soft self-consistent pseudopotentials in a generalized eigenvalue formalism},
	journal = {Phys. Rev. B},
	year = {1990},
	volume = {41},
	number = {11},
	pages = {7892},
	month = {April},
	note = {},
	otherinfo = {}
}

@BOOK{Singh,
  author = {D. J. Singh},
  title = {Plane waves, pseudopotential and the LAPW method},
  publisher = {Kluwer Academic},
  year = {1994},
  address = {Boston, USA},
  pages = {74}
}

@ARTICLE{PRB50-17953_1994,
	author = {P. E. Bl\"ochl},
	title = {Projector augmented-wave method},
	journal = {Phys. Rev. B},
	year = {1994},
	volume = {50},
	number = {24},
	pages = {17953},
	month = {December},
	note = {},
	otherinfo = {}
}

@ARTICLE{JPCM6-8245_1994,
	author = {G. Kresse and J. Hafner},
	title = {Norm-conserving and ultrasoft pseudopotentials for first-row and transition elements.},
	journal = {J. Phys.: Condens. Matter},
	year = {1994},
	volume = {6},
	number = {},
	pages = {8245},
	month = {},
	note = {},
	otherinfo = {}
}

@ARTICLE{PRB59-1758_1999,
	author = {G. Kresse and D. Joubert},
	title = {From ultrasoft pseudopotentials to the projector augmented-wave method},
	journal = {Phys. Rev. B},
	year = {1999},
	volume = {59},
	number = {3},
	pages = {1758},
	month = {January},
	note = {},
	otherinfo = {}
}

@MANUAL{VASP_manual,
	title = {VASP the Guide},
	organization = {Computational Materials Physics, Faculty of Physics, Universit\"at Wien},
	address = {Sensengasse 8/12, A-1090 Wien, Austria},
	author = {G. Kresse and M. Marsman and J. Furthm\"uller},
	edition = {},
	month = {April},
	year = {2016},
	note = {},
	otherinfo = {}
	url = {http://cms.mpi.univie.ac.at/VASP/}
}

@MANUAL{WIEN2K-UG_2001,
	title = {User's Guide of WIEN2K, An Augmented Plane Wave Plus Local Orbitals Program for Calculating Crystal Properties},
  	organization = {Vienna University of Technology, Inst. of Physical and Theoretical Chemistry, Getreidemarkt9/156, A-1060 Vienna/Austria},
  	address = {},
  	author = {P. Blaha and K. Schwarz and G. Madsen and D. Kvasnicka and J. Luitz},
  	month = {November},
  	year = {2001},
	note = {}
	otherinfo = {}
}

@ARTICLE{PRB12-3060_1975,
  author = {O. K. Andersen},
  title = {Linear method in band theory.},
  journal = {Phys. Rev. B},
  year = {1975},
  volume = {12},
  pages = {3060},
}

@ARTICLE{JMP22-2433_1981,
  author = {M. Weiner},
  title = {Solution of Poisson's equation: beyond Ewald-type method.},
  journal = {J. Math. Phys.},
  year = {1981},
  volume = {22},
  number = {11},
  pages = 2433,
}

@ARTICLE{PRB26-4571_1982,
  author = {M. Weinert and E. Wimmer and A. J. FreemaN},
  title = {Total-Energy all-electron density functional method for bulk solids and surfaces.},
  journal = {Phys. Rev. B},
  year = {1982},
  volume = {26},
  pages = {4571},
}

@ARTICLE{SSC114-15_2000,
  author = {E. Sj\"ostedt and L. Nordstr\"om and D. J. Singh},
  title = {An alternative way of linearizing the augmented plane-wave method.},
  journal = {Solid State Commun.},
  year = {2000},
  volume = {114},
  pages = {15},
}

@ARTICLE{CMS6-15_1996,
	author = {G. Kresse and J. Furthm{\"u}ller},
	title = {Efficiency of \textit{ab-initio} tottal energy calculations for metals and semiconductors using a plane-wave basis set.},
	journal = {Comp. Mater. Sci.},
	year = {1996},
	volume = {6},
	number = {},
	pages = {15},
	month = {},
	note = {},
	otherinfo = {}
}

@ARTICLE{PRB54-11169_1996,
	author = {G. Kresse and J. Furthm{\"u}ller},
	title = {Efficient iterative schemes for \textit{ab initio} total-energy calculations using a plane-wave basis set.},
	journal = {Phys. Rev. B},
	year = {1996},
	volume = {54},
	number = {16},
	pages = {11169},
	month = {October},
	note = {},
	otherinfo = {}
}
