This file was created with JabRef 2.2b2.
Encoding: GBK
%%%%%%%%%%%%%%%%%%%%%%%%%%%%%%%%%%%%%%%%%%%%%%%%%%%%%%%%%%%%%%%%%%%%%%%%%%%%%%%%%%%%%%%%%%%%%%%%%%%%%%%%%%%%%%%%%%%%%%%%%%%%%%%%%%%%%%%%%%%%%%%%%%%%%%%%%%%%%%%%%%%%%%%%%%%%%%%%%

%% ----------------- $\vec k$-point Integration method ----------------- %%
@ARTICLE{PRB49-16223_1994,
  author = {P. E. Bl\"ochl and O. Jepsen and O. K. Andersen},
  title = {Improved tetrahedron method for Brillouin-zone integration.},
  journal = {Phys. Rev. B},
  year = {1994},
  volume = {49},
  number = {23},
  pages = {16223},
  month = {June},
  note = {},
  otherinfo = {}
}

@ARTICLE{PRB13-5188_1976,
  author = {H. J. Monkhorst and J. D. Pack},
  title = {Special points for Brillouin-zone integrations.},
  journal = {Phys. Rev. B},
  year = {1976},
  volume = {13},
  number = {12},
  pages = {5188},
  month = {June},
  note = {},
  otherinfo = {}
}

%%%%%%%%%%%%%%%%%%%%%%%%%%%%%%%%%%%%%%%%%%%%%%%%%%%%%%%%%        PAPERS_of_Basic_Theory            %%%%%%%%%%%%%%%%%%%%%%%%%%%%%%%%%%%%%%%%%%%%%%%%%%%%%%%%%%
@ARTICLE{JMP22-2433_1981,
  author = {M. Weiner},
  title = {Solution of Poisson's equation: beyond Ewald-type method.},
  journal = {J. Math. Phys.},
  year = {1981},
  volume = {22},
  number = {11},
  pages = 2433,
}

@ARTICLE{PRB26-4571_1982,
  author = {M. Weinert and E. Wimmer and A. J. FreemaN},
  title = {Total-Energy all-electron density functional method for bulk solids and surfaces.},
  journal = {Phys. Rev. B},
  year = {1982},
  volume = {26},
  pages = {4571},
}

@ARTICLE{SSC114-15_2000,
  author = {E. Sj\"ostedt and L. Nordstr\"om and D. J. Singh},
  title = {An alternative way of linearizing the augmented plane-wave method.},
  journal = {Solid State Commun.},
  year = {2000},
  volume = {114},
  pages = {15},
}

@ARTICLE{PRB59-1758_1999,
	author = {G. Kresse and D. Joubert},
	title = {From ultrasoft pseudopotentials to the projector augmented-wave method},
	journal = {Phys. Rev. B},
	year = {1999},
	volume = {59},
	number = {3},
	pages = {1758},
	month = {January},
	note = {},
	otherinfo = {}
}

@ARTICLE{PRB50-17953_1994,
	author = {P. E. Bl\"ochl},
	title = {Projector augmented-wave method},
	journal = {Phys. Rev. B},
	year = {1994},
	volume = {50},
	number = {24},
	pages = {17953},
	month = {December},
	note = {},
	otherinfo = {}
}

@ARTICLE{JPCM6-8245_1994,
	author = {G. Kresse and J. Hafner},
	title = {Norm-conserving and ultrasoft pseudopotentials for first-row and transition elements.},
	journal = {J. Phys.: Condens. Matter},
	year = {1994},
	volume = {6},
	number = {},
	pages = {8245},
	month = {},
	note = {},
	otherinfo = {}
}

@ARTICLE{PRB41-7892_1990,
	author = {D.Vanderbilt},
	title = {Soft self-consistent pseudopotentials in a generalized eigenvalue formalism},
	journal = {Phys. Rev. B},
	year = {1990},
	volume = {41},
	number = {11},
	pages = {7892},
	month = {April},
	note = {},
	otherinfo = {}
}

@MANUAL{WIEN2K-UG_2001,
	title = {User's Guide of WIEN2K, An Augmented Plane Wave Plus Local Orbitals Program for Calculating Crystal Properties},
  	organization = {Vienna University of Technology, Inst. of Physical and Theoretical Chemistry, Getreidemarkt9/156, A-1060 Vienna/Austria},
  	address = {},
  	author = {P. Blaha and K. Schwarz and G. Madsen and D. Kvasnicka and J. Luitz},
  	month = {November},
  	year = {2001},
%	note = {10}
	otherinfo = {}
}

@ARTICLE{PR136-B864_1964,
  author = {P. Hohenberg and W. Kohn},
  title = {Inhomogeneous electron gas.},
  journal = {Phys. Rev.},
  year = {1964},
  volume = {136},
  number = {},
  pages = {B864},
  month = {},
  note = {},
  otherinfo = {}
}

@ARTICLE{PR140-A1133_1965,
  author = {W. Kohn and L. J. Sham},
  title = {Self-consistent equations including exchange and correlation effect.},
  journal = {Phys. Rev.},
  year = {1965},
  volume = {140},
  number = {},
  pages = {A1133},
  month = {},
  note = {},
  otherinfo = {}
}

@BOOK{Huang-Han,
  title = {\textit{固体物理学}},
  publisher = {高等教育出版社},
  year = {1988},
  address = {北京},
  author = {黄昆(原著)，韩汝琦(改编)}
}

@BOOK{Skriver,
  author = {H. L. Skriver},
  title = {The LMTO Method. Muffin-Tin Orbitals and Electronic Structure},
  publisher = {Springer},
  address = {Heidelberg},
  year = {1984},
}

@BOOK{Singh,
  author = {D. J. Singh},
  title = {Plane waves, pseudopotential and the LAPW method},
  publisher = {Kluwer Academic},
  year = {1994},
  address = {Boston, USA},
  pages = {74}
}

@BOOK{Jun_Jiang,
  author = {姜骏},
  title = {二价镧系元素化合物的能带结构和光学性质研究},
  address = {北京大学},
  year = {2007},
  publisher = {\textit{博士研究生学位论文}},
%  otherinfo = {}
}

%@PHDTHESIS{Jun_Jiang,
  author = {姜骏},
  title = {\textrm{二价镧系元素化合物的能带结构和光学性质研究}},
  school = {北京大学},
  year = {2007},
  type = {\textit{博士研究生学位论文}},
%  otherinfo = {}
}

@ARTICLE{JPC-SSP12-4409_1979,
	author = {J. Ihm and A. Zunger and M. L. Cohen},
	title = {Momentum-space formalism for the total energy of solids.},
	journal = {J. Phys. C:~Solid State Phys.},
	year = {1979},
	volume = {12},
	number = {},
	pages = {4409},
	month = {},
	note = {},
	otherinfo = {}
}

