@ARTICLE{2012FracfocusChemical,
  author = {FracFocus,},
  howpublished = {\url{http://fracfocus.org/water-protection/drilling-usage}},
  institution = {The Ground Water Protection Council and Interstate Oil and Gas
  Compact Commission},
  month = {feb},
  title = {{Chemical Use In Hydraulic Fracturing}},
  year = {2012}
}
